
@web_page{MySQL_Wiki,
   abstract = {Allgemein über MySQL},
   author = {Wikipedia},
   month = {10},
   title = {wikipedia},
   url = {https://en.wikipedia.org/wiki/MySQL#History},
   year = {2021},
}
@web_page{MVCC_Wiki,
   abstract = {Allgemein über MVCC },
   author = {Wikipedia},
   title = {MVCC},
   url = {https://de.wikipedia.org/wiki/Multiversion_Concurrency_Control},
   year = {2020},
}
@web_page{MySQL_Features,
   abstract = {MySQL Features von Oracle, Official Website},
   author = {Oracle},
   title = {MySQL_Features},
   url = {https://dev.mysql.com/doc/refman/8.0/en/features.html},
   year = {2021},
}
@web_page{MySQL_Backup,
   abstract = {MySQL Features, Official Website},
   author = {Oracle},
   title = {MySQL_Backup_and_Recovery},
   url = {https://dev.mysql.com/doc/refman/8.0/en/backup-types.html},
   year = {2021},
}
@web_page{MySQL_Authentication,
   abstract = {MySQL Features, Official Website},
   author = {Oracle},
   title = {MySQL_Authentication },
   url = {https://dev.mysql.com/doc/refman/8.0/en/authentication-plugins.html},
   year = {2021},
}
